@Article{Anderson:JCP2005,
author = {A. Anderson and X. Zheng and V. Cristini},
title = {Adaptive unstructured volume remeshing - I: The method},
journal = {Journal of Computational Physics},
year = {2005},
OPTvolume = {208},
OPTnumber = {616},
}

@PhdThesis{buttari:phd,
  author =	 {Alfredo Buttari},
  title =	 "{Software Tools for Sparse Linear Algebra
                  Computations}",
  school =	 {University of Rom ``Tor Vergata''},
  year =	 2006,
}

@Article{filippone:psblas,
  author =	 {Salvatore Filippone and Michele Colajanni},
  title =	 "{PSBLAS: a Library for Parallel Linear Algebra
                  Computations on Sparse Matrices}",
  journal =	 {ACM Transactions on Mathematical Software},
  year =	 2000,
  volume =	 26,
  number =	 4,
  pages =	 {527--550},
}

@InProceedings{freitag:smoothing_conference,
author = {Lori Freitag and Mark Jones and Paul Plassmann},
title = {An efficient parallel algorithm for mesh smoothing},
booktitle = {4th International Meshing Roundtable Proceedings},
OPTyear = {1995},
OPTorganization = {Sandia National Laboratories},
OPTnote = {Albuquerque, New Mexico},
}
@Article{freitag:smoothing_journal,
author = {Lori Freitag and Carl Ollivier-Gooch},
title = {Tetrahedral mesh improvement using swapping and smoothing},
journal = {International Journal for Numerical Methods in Engineering},
year = {1997},
OPTvolume = {40},
OPTnumber = {21},
OPTpages = {3979-4002},
}

@article{jasak:sae2004,
  author =	 "Hrvoje Jasak and Henry G. Weller and Niklas Nordin",
  title =	 "{In--Cylinder CFD Simulation Using a {C++}
                  Object--Oriented Toolkit}",
  journal =	 "SAE Technical Papers 2004--01--0110",
  year =	 2004
}

@article{lucchini:sae2007,
  author =	 "Tommaso Lucchini and Gianluca D'Errico and Hrvoje
                  Jasak and Zeljko Tukovic",
  title =	 "{Automatic Mesh Motion with Topological Changes for
                  Engine Simulation}",
  journal =	 "SAE Technical Papers 2007--01--0170",
  year =	 2007
}

@InProceedings{mesquite:brewer,
  author =	 {M. Brewer and L. Diachin and P. Knupp and T. Leurent
                  and D. Melander},
  title =	 "{The Mesquite Mesh Quality Improvement Toolkit}",
  booktitle =	 {Proceedings of the 12th International Meshing
                  Roundtable},
  pages =	 {239--250},
  year =	 2003,
  address =	 {Santa Fe NM}
}

@InProceedings{mesquite:freitag,
  author =	 {Lori Freitag and P. Knupp and T. Leurent and
                  D. Melander},
  title =	 "{MESQUITE Design: Issues in the Development of a
                  Mesh Quality Improvement Toolkit}",
  booktitle =	 {Proceedings of the 8th Intl. Conference on Numerical
                  Grid Generation in Computational Field Simulations},
  pages =	 {159--168},
  year =	 2002,
  address =	 {Honolulu}
}

@TechReport{optms:manual,
  author =	 {Lori Freitag},
  title =	 "{Users Manual for Opt--MS: Local Methods for
                  Simplicial Mesh Smoothing and Untangling}",
  institution =	 {Argonne National Laboratory},
  year =	 1999,
  type =	 {ANL Technical Report},
  number =	 {ANL/MCS--TM--239},
  howpublished = "{URL:
                  \url{http://www-unix.mcs.anl.gov/~freitag/Opt-MS/}}",
  address =	 {Argonne, Illinois},
  month =	 {March}
}


@manual{parmetis,
  author =	 {George Karypis and Kirk Schloegel and Vipin Kumar},
  title =	 "{ParMETIS -- Parallel Graph Partitioning and Sparse
                  Matrix Ordering Library -- Version 3.1}",
  howpublished = "{URL:
                  \url{www-users.cs.umn.edu/~karypis/metis/parmetis}}",
  month =	 {August},
  year =	 2003
}

@Article{Quan:JCP2007,
author = {S. Quan and D.P. Schmidt},
title = {A moving mesh interface tracking method for 3D incompressible two-phase flows},
journal = {Journal of Computational Physics},
year = {2007},
OPTvolume = {221},
OPTnumber = {2},
}

@PhdThesis{toninel:phd,
  author =	 {Stefano Toninel},
  title =	 "{Development of a New Parallel Code for Computational
                  Continuum Mechanics Using Object--Oriented
                  Techniques}",
  school =	 {University of Bologna},
  year =	 2006,
  month =	 {April}
}

@article{SLATEC:Vandervender,
 author = {W. H. Vandevender and K. H. Haskell},
 title = "{The SLATEC mathematical subroutine library}",
 journal = {SIGNUM Newsl.},
 volume = {17},
 number = {3},
 year = {1982},
 issn = {0163-5778},
 pages = {16--21},
 doi = {http://doi.acm.org/10.1145/1057594.1057595},
 publisher = {ACM Press},
 address = {New York, NY, USA},
 }
@article{weller:foam,
  author =	 "Henry G. Weller and G.Tabor and Hrvoje Jasak and
                  C. Fureby",
  title =	 "{A Tensorial Approach to Computational Continuum
                  Mechanics Using Object--Oriented Techniques}",
  journal =	 "Computers in Physics",
  volume =	 12,
  number =	 6,
  paages =	 "620--631",
  year =	 1998
}
